@ARTICLE{Okabe,
    author={M Okabe},
    title={Where does Philippine education Go? The "k to 12" program and reform of Philippine basic education [Abstract]},
    journal={Institute of Developing Economics, IDE Discussion Paper No. 425},
    volume={2},
    year={2013},
}

@article{Shah,
    author = {Shah, Hezbullah and Soomro, Tariq},
    year = {2017},
    month = {05},
    pages = {},
    title = {Node.js Challenges in Implementation}
}

@misc{Joyent,
    howpublished={https://nodejs.org/en/},
    author={Joyent},
    title={Home page of Node.js},
    year={2016},
    note={Accessed on 2019-05-03}
}

@inbook{Mardan,
    author = {Mardan, Azat},
    year = {2018},
    month = {01},
    pages = {277-305},
    title = {Building Node.js REST API Servers with Express.js and Hapi: Building Real-World Scalable Web Apps},
    isbn = {978-1-4842-3038-1},
    doi = {10.1007/978-1-4842-3039-8_8}
}

@article{Nahar,
    author = {Nahar, Wildan},
    year = {2016},
    month = {08},
    pages = {},
    title = {Dynamic View Rendering Using ReactJS and jQuery}
}

@book{West,
    author = {W. West, Adrian and Prettyman, Steve},
    year = {2018},
    month = {01},
    pages = {},
    title = {Practical PHP 7, MySQL 8, and MariaDB Website Databases: A Simplified Approach to Developing Database-Driven Websites},
    isbn = {978-1-4842-3842-4},
    doi = {10.1007/978-1-4842-3843-1}
}

@misc{DBEngines,
    howpublished={https://db-engines.com/en/},
    author={solid IT},
    title={Knowledge Base of Relational and NoSQL Database Management Systems},
    year={2019},
    note={Accessed on 2019-05-03}
}

@article{mySQL,
    author = {Charzon},
    year = {2018},
    month = {12},
    pages = {},
    title = {What is MySQL, History and Functions},
    doi = {10.31219/osf.io/wzxur}
}

@misc{Gazette,
    howpublished={http://www.officialgazette.gov.ph/k-12/},
    author={Official Gazette},
    title={What is K to 12 Program?},
    note={Accessed on 2019-05-03}
}

@misc{depEd,
    howpublished={http://www.deped.gov.ph/resources/downloads/e-class-record-templates/},
    author={Department of Education},
    title={E-Class Record Templates},
    note={Accessed on 2019-05-03}
}

@misc{Dellosa,
    howpublished={http://www.academia.edu/8002516/Design\_and\_Evaluation\_of\_the\_Electronic\_Cla ss\_Record\_for\_LPU-Laguna\_International\_School},
    author={Dellosa RM},
    title={Design and evaluation of the electronic class record for LPU-Laguna International School},
    year={2014},
    note={Accessed on 2019-05-03}
}


















