@article{article,
author = {Shah, Hezbullah and Soomro, Tariq},
year = {2017},
month = {05},
pages = {},
title = {Node.js Challenges in Implementation}
}