@inbook{inbook,
author = {Mardan, Azat},
year = {2018},
month = {01},
pages = {277-305},
title = {Building Node.js REST API Servers with Express.js and Hapi: Building Real-World Scalable Web Apps},
isbn = {978-1-4842-3038-1},
doi = {10.1007/978-1-4842-3039-8_8}
}